<?xml version="1.0" encoding="UTF-8"?><collection xmlns="http://www.loc.gov/MARC21/slim"><record><leader>00500nam--2200181-i-4500</leader><controlfield tag="001">000040482</controlfield><controlfield tag="002">20161230</controlfield><controlfield tag="005">20161230201042</controlfield><controlfield tag="008">060222s1000------------r-----000-0-ger-d</controlfield><datafield ind1=" " ind2=" " tag="040"><subfield code="a">IFIN-HH</subfield></datafield><datafield ind1=" " ind2=" " tag="041"><subfield code="a">ger</subfield></datafield><datafield ind1=" " ind2=" " tag="080"><subfield code="a">681.4.02/.05:666.22</subfield></datafield><datafield ind1="1" ind2=" " tag="100"><subfield code="a">Schade,Harry (Vdi)</subfield></datafield><datafield ind1="1" ind2="0" tag="245"><subfield code="a">Arbeitsverfaren der feinoptik</subfield><subfield code="c">Harry schade vdi</subfield></datafield><datafield ind1=" " ind2=" " tag="260"><subfield code="a">Dusseldorf</subfield><subfield code="b">Deutscher Ingenieur Verlag Gmbh</subfield><subfield code="c">1955</subfield></datafield><datafield ind1=" " ind2=" " tag="300"><subfield code="a">IV+141 P. + FIG. + 21 PL</subfield></datafield><datafield ind1=" " ind2=" " tag="852"><subfield code="a">12153</subfield><subfield code="c">535</subfield></datafield><datafield ind1=" " ind2=" " tag="CAT"><subfield code="a">Sys</subfield><subfield code="c">20101018</subfield><subfield code="h">154230</subfield></datafield></record></collection>